%TODO : Revise references

@article{kinematic,
    author = {Denavit, J. and Hartenberg, R. S.},
    citeulike-article-id = {7153318},
    citeulike-linkout-0 = {http://ci.nii.ac.jp/naid/10008019314/en/},
    journal = {Trans. of the ASME. Journal of Applied Mechanics},
    keywords = {dh\_parameters},
    pages = {215--221},
    posted-at = {2010-07-06 14:51:09},
    priority = {2},
    title = {{A kinematic notation for lower-pair mechanisms based on matrices.}},
    url = {http://ci.nii.ac.jp/naid/10008019314/en/},
    volume = {22},
    year = {1955}
}

@article{coordinate,
 author = {Wright, Stephen J.},
 title = {Coordinate Descent Algorithms},
 journal = {Math. Program.},
 issue_date = {June      2015},
 volume = {151},
 number = {1},
 month = jun,
 year = {2015},
 issn = {0025-5610},
 pages = {3--34},
 numpages = {32},
 url = {http://dx.doi.org/10.1007/s10107-015-0892-3},
 doi = {10.1007/s10107-015-0892-3},
 acmid = {2783189},
 publisher = {Springer-Verlag New York, Inc.},
 address = {Secaucus, NJ, USA},
 keywords = {49M20, 90C25, Coordinate descent, Parallel numerical computing, Randomized algorithms}
} 

@book{springer,
  editor    = {Bruno Siciliano and
               Oussama Khatib},
  title     = {Springer Handbook of Robotics},
  publisher = {Springer},
  year      = {2016},
  url       = {http://dx.doi.org/10.1007/978-3-319-32552-1},
  doi       = {10.1007/978-3-319-32552-1},
  isbn      = {978-3-319-32550-7},
  timestamp = {Mon, 26 Sep 2016 13:54:01 +0200},
  biburl    = {http://dblp2.uni-trier.de/rec/bib/reference/robo/2016},
  bibsource = {dblp computer science bibliography, http://dblp.org}
}

@book{slam,
  title={SLAM and Localization of People with a Mobile Robot using a RGB-D Sensor: },
  author={Sales, F.F.},
  series={Master of Science Dissertation},
  url={https://books.google.ca/books?id=kTpyBAAAQBAJ},
  year={2014},
  publisher={University of Coimbra}
}

@conference{schillinger2016flexbe,
	Title = {{Human-Robot Collaborative High-Level Control with an Application to Rescue Robotics}},
	Author = {Philipp Schillinger and Stefan Kohlbrecher and Oskar von Stryk},
	Booktitle = {IEEE International Conference on Robotics and Automation},
	Address = {Stockholm, Sweden},
	Month = {May},
	Year = {2016}
}

@Misc{pocketsphinx,
	title = {pocketsphinx - {ROS} {Wiki}},
	howpublished = "\url{http://wiki.ros.org/pocketsphinx}",
	urldate = {2017-03-12},
	file = {pocketsphinx - ROS Wiki:/home/jeffrey/.zotero/zotero/grkufz47.default/zotero/storage/C2T3E437/pocketsphinx.html:text/html}
}

@misc{svox,
	title = {Svox package : {Ubuntu}},
	howpublished = "\url{https://launchpad.net/ubuntu/precise/+source/svox/}",
	urldate = {2017-03-12},
	file = {Precise (12.04) \: svox package \: Ubuntu:/home/jeffrey/.zotero/zotero/grkufz47.default/zotero/storage/RTI2I94M/svox.html:text/html}
}

@Misc{poseefk,
	title = {robot\_pose\_ekf - {ROS} {Wiki}},
	howpublished = "\url{http://wiki.ros.org/robot_pose_ekf}",
	urldate = {2017-03-12},
	file = {robot_pose_ekf - ROS Wiki:/home/jeffrey/.zotero/zotero/grkufz47.default/zotero/storage/365DNE5W/robot_pose_ekf.html:text/html}
}

@misc{lu4r,
	title = {{LU4R Project} - adaptive spoken {Language} {Understanding} {For} {Robots}},
	
	urldate = {2017-03-12},
	file = {LU4R Project - adaptive spoken Language Understanding For Robots:/home/jeffrey/.zotero/zotero/grkufz47.default/zotero/storage/9AAHE9E8/lu4r.html:text/html}
}


@misc{ork,
	title = {Object {Recognition} {Kitchen} — object\_recognition\_core},
	howpublished = "\url{http://wg-perception.github.io/object_recognition_core/}",
	urldate = {2017-03-12},
	file = {Object Recognition Kitchen — object_recognition_core:/home/jeffrey/.zotero/zotero/grkufz47.default/zotero/storage/NA4SWKF9/object_recognition_core.html:text/html}
}

@article{redmon2016yolo9000,
	title={YOLO9000: Better, Faster, Stronger},
	author={Redmon, Joseph and Farhadi, Ali},
	journal={arXiv preprint arXiv:1612.08242},
	year={2016}
}

@inproceedings{cao2017realtime,
	author = {Zhe Cao and Tomas Simon and Shih-En Wei and Yaser Sheikh},
	booktitle = {CVPR},
	title = {Realtime Multi-Person 2D Pose Estimation using Part Affinity Fields},
	year = {2017}
}

@inproceedings{simon2017hand,
	author = {Tomas Simon and Hanbyul Joo and Iain Matthews and Yaser Sheikh},
	booktitle = {CVPR},
	title = {Hand Keypoint Detection in Single Images using Multiview Bootstrapping},
	year = {2017}
}

@inproceedings{wei2016cpm,
	author = {Shih-En Wei and Varun Ramakrishna and Takeo Kanade and Yaser Sheikh},
	booktitle = {CVPR},
	title = {Convolutional pose machines},
	year = {2016}
}

@book{Siegwart:2004:IAM:983690,
	author = {Siegwart, Roland and Nourbakhsh, Illah R.},
	title = {Introduction to Autonomous Mobile Robots},
	year = {2004},
	isbn = {026219502X},
	publisher = {Bradford Company},
	address = {Scituate, MA, USA},
} 